@article{,
    author="",
    year="",
    archivePrefix="arXiv",
    eprint=""
}

@ARTICLE{2016arXiv160909073L,
    author = {{Leja}, J. and {Johnson}, B.~D. and {Conroy}, C. and {van Dokkum}, P.~G. and 
        {Byler}, N.},
    title = "{Deriving Physical Properties from Broadband Photometry with Prospector: Description of the Model and a Demonstration of its Accuracy Using 129 Galaxies in the Local Universe}",
    journal = {ArXiv e-prints},
    archivePrefix = "arXiv",
    eprint = {1609.09073},
    keywords = {Astrophysics - Astrophysics of Galaxies},
    year = 2016,
    month = sep,
    adsurl = {http://adsabs.harvard.edu/abs/2016arXiv160909073L},
    adsnote = {Provided by the SAO/NASA Astrophysics Data System}
}
